2678 4572
467 337 840 447 1·th

67 537 225 622 temporis
246 537 350 620 spatio
380 535 502 618 partim
522 513 595 618 ipse
628 535 784 618 quasdam
819 537 936 601 Patria
956 537 1067 624 plagas

68 641 189 712 iterum
212 649 376 730 requisivi,
397 648 516 732 partim
530 646 572 708 ab
591 647 700 708 anneis
721 645 905 732 hujusmodi
926 649 1066 710 animal-

68 757 151 837 cula,
182 759 328 840 undique
350 748 416 818 fele
441 755 575 821 collecta
600 761 725 842 accepi:
759 760 848 839 Quos
869 762 954 822 inter
976 780 1066 822 sum-

68 895 119 933 ma
158 891 233 932 eum
256 870 434 950 gratiarum
457 870 584 936 actione
609 871 774 930 nominare
810 863 936 953 debeo:⁴
967 869 1005 931 A.
1027 871 1065 930 A.

67 982 223 1058 Retzium,
246 977 331 1041 Med.
355 977 463 1056 ·D.·rm,
504 982 560 1061 qui
585 983 618 1041 iu
643 963 839 1062 alpcstribus
863 979 1066 1056 Jemtlandia
1107 979 1112 1000 ¹

67 1089 103 1155 ἀ
118 1092 288 1194 ,Narvegia
310 1091 372 1148 iter
393 1111 454 1172 pro
476 1090 616 1154 Historia
640 1091 788 1153 Naturali
816 1089 945 1168 faciens,
979 1089 1067 1152 Mol·
1151 1115 1158 1120 ·

69 1203 160 1268 lusca
205 1222 335 1284 quoque
378 1199 516 1282 collegit,
556 1204 731 1285 eademque
770 1223 896 1266 mecum
927 1201 1066 1282 benigne

66 1314 335 1378 communicavit:
372 1307 403 1372 C.
429 1308 472 1374 H.
491 1310 658 1389 Bahman,
685 1293 985 1388 Suhcenturionem,
1007 1315 1066 1396 qui

65 1428 96 1490 in
129 1422 334 1486 Smolandica
376 1414 411 1482 δι
449 1421 710 1504 Wcstrogothica
744 1425 923 1508 inquisivit,
958 1415 993 1482 &
1025 1425 1068 1512 de

66 1543 153 1603 hisce
177 1535 255 1598 locis
278 1532 382 1593 multa
399 1529 478 1591 mihi
500 1542 650 1615 exoptata
675 1536 875 1618 impertivit=
894 1534 931 1599 G·
953 1533 1069 1600 Marit-

65 1653 119 1729 lin,
149 1647 232 1710 Hist.
255 1645 326 1707 Nat.
365 1643 561 1716 studiosum,
589 1645 645 1722 qui
677 1641 859 1726 Uplandica
891 1647 1066 1730 specimina

64 1763 171 1823 misit:
206 1758 248 1822 A·
273 1755 456 1820 Bruzelium
487 1746 620 1812 &RE
643 1751 732 1816 Fries
753 1753 851 1815 Cand.
874 1741 983 1828 Phil,
1006 1758 1064 1838 qui

65 1871 286 1946 Bahusienrin,
320 1864 496 1928 Oelandica
527 1855 562 1922 ἃ
597 1861 777 1941 Scanensia,
813 1875 911 1948 atque
949 1862 1062 1928 Land-

63 2001 145 2066 gren
166 1973 202 2040 ὅ(
223 1975 414 2053 Sundeuatt,
440 1975 497 2056 qui
519 1971 714 2058 exemplaria
736 1974 769 2035 in
791 1974 905 2036 scania
927 1968 1062 2036 collecta

66 2093 237 2154 dederunt.
257 2077 261 2082 ¹

144 2228 218 2302 Iam
239 2251 340 2304 restat
371 2250 409 2302 ut
431 2259 533 2322 pauca
554 2237 708 2300 disseram
733 2236 772 2297 de
794 2235 910 2319 {moda
937 2258 1002 2320 quo
1024 2239 1059 2300 in

61 2355 124 2418 hoc
176 2354 357 2418 enchiridio
393 2349 590 2411 elaborando
625 2349 798 2430 procedere
832 2349 949 2412 debere
973 2347 1059 2410 mihi

60 2470 149 2528 visus
173 2483 254 2526 sum.
302 2461 432 2550 Credidi
460 2460 579 2522 scilicet
599 2481 706 2520 meum
730 2437 826 2546 fuisso
850 2461 956 2524 omnia
989 2456 1057 2535 illa,

60 2597 132 2660 qua
158 2575 200 2636 ad
220 2575 359 2636 tironem
377 2569 599 2632 instruendum
622 2572 773 2650 facerent,
798 2573 957 2655 copiosius
985 2581 1057 2632 tra-

59 2701 159 2766 ctare,
183 2685 238 2749 sed
260 2659 453 2746 brevitatem
481 2681 514 2740 in
534 2683 572 2744 iis
593 2683 795 2766 potissimum
817 2703 955 2760 servare,
984 2703 1055 2764 qua

60 2802 109 2864 illi
129 2798 345 2874 nulli-essent
358 2795 448 2856 usui.
495 2773 617 2854 Effusa*
629 2769 728 2876 igitur
755 2785 795 2855 ἃ·
813 2794 940 2878 copiosa
962 2813 1055 2876 syno·

62 2897 175 2998 nymia
197 2905 354 2976 volumen,
373 2901 449 2982 libri
474 2922 590 2984 augere
615 2903 762 2968 consulto
778 2907 906 2966 evitavi.
931 2903 1053 2990 Praeter

63 3022 203 3090 Faunum
223 3019 333 3098 itaque
352 3012 510 3084 Saiticam
533 3015 661 3092 Linum,
688 3016 809 3098 quippe
833 3035 904 3098 qua
929 3010 1051 3074 Mallu-

60 3153 112 3196 sca
135 3125 363 3212 complectitur
382 3124 515 3190 collecta
537 3130 571 3188 in
594 3126 705 3187 iisdem
728 3124 912 3206 regionibus
934 3129 973 3182 'ac
990 3143 1051 3182 no-

59 3256 136 3320 stra,
159 3233 196 3300 &
213 3235 392 3301 Historiam
418 3235 576 3304 Vermium
598 3231 934 3313 Miinnan1‚Mollusca
956 3241 1050 3292 terrae

58 3357 170 3418 vicinae
194 3359 455 3434 pertractantem,
486 3369 550 3410 nan
574 3315 641 3408 serit
661 3347 759 3408 citavi
781 3344 841 3406 nisi
863 3342 1049 3406 novissimos

58 3460 93 3526 δι
116 3463 247 3549 optimae
269 3472 351 3524 nota
362 3461 552 3548 Scriptores,
581 3479 661 3542 quos
689 3453 818 3544 quidem
841 3454 994 3535 noverim.
1008 3450 1050 3511 Hi

56 3595 133 3639 vero
169 3585 270 3638 sunt:
752 3632 755 3642 ,

202 3687 233 3750 J.
253 3685 312 3750 Pu
326 3686 363 3750 R.
386 3685 608 3757 Duarttuuun,
648 3674 790 3742 Histoire
811 3675 973 3746 Naturalis
994 3673 1048 3738 des

56 3799 249 3886 Mollmques
270 3797 308 3862 de
328 3793 509 3896 laqFrance.
540 3782 634 3856 Paris
659 3788 745 3852 1805.
998 3807 1044 3930 C·
