2678 4572
631 383 647 458 l
726 395 749 439 ¹
831 378 844 456 l

233 625 236 634 ¹
321 550 372 616 De
398 522 624 612 Melloscorum
647 561 708 628 per
729 493 891 625 europam
913 535 1160 605 distributione.-

323 689 390 752 Sua
410 651 534 768 'cuidue
562 681 705 744 animali.
729 690 825 743 terret
845 678 951 762 plaga,
982 700 1085 766 eaque
1105 676 1156 764 sel
1180 699 1245 740 an·

238 803 363 886 gnstior
386 796 438 858 vel
460 773 569 874 latior,
588 788 855 884 prohabitaculo
874 793 977 868 cessit,
1007 793 1101 896 cnjus
1123 789 1242 850 limites
1305 797 1312 818 '

237 933 303 974 non
325 911 456 991 impune
480 909 605 969 transit.
652 905 728 966 Haee
758 913 886 984 autem,
905 900 966 980 lex,
997 897 1241 984 exceptionibus

237 1020 386 1106 quamvis
418 1019 567 1096 obnoxia,
610 1017 644 1080 in
677 1017 864 1076 universum
884 999 992 1075 tumen
1016 995 1131 1076 valere'
1146 1009 1240 1072 vide-

123 1189 127 1202 ,
238 1141 306 1208 tur,
331 1138 369 1188 ut
405 1147 472 1210 quo
503 1145 638 1210 quaeque
660 1125 781 1210 species
801 1125 902 1206 magis
923 1123 964 1187 ἐκ
987 1122 1069 1189 coelo
1094 1117 1132 1188 ὅτ
1163 1125 1238 1184 a’e're

238 1239 369 1322 pendet,
409 1259 449 1301 eo
481 1239 720 1322 angustioribus
753 1237 1038 1300 circumscribatur
1069 1231 1239 1296 habitandi

235 1347 419 1428 limitibus,
453 1349 571 1428 nisisi,
599 1369 661 1434 pro
682 1349 773 1410 varia
794 1347 871 1408 anni
888 1356 1089 1432 tempestate,
1114 1345 1239 1406 nariam

238 1467 335 1520 terrae
357 1458 486 1544 plagam
508 1468 620 1545 petere
641 1459 752 1542 possit.
778 1457 852 1538 Quo
872 1476 948 1522 vero
966 1460 1072 1522 minus
1093 1457 1161 1520 altri
1174 1453 1238 1518 ob-

234 1571 333 1630 noxis
353 1570 505 1660 animalia
526 1578 612 1648 sunt,
637 1587 677 1629 eo
700 1566 827 1652 longius
862 1565 1033 1652 dispertita
1063 1568 1125 1631 sub
1146 1564 1241 1628 vario

234 1681 318 1748 coelo
348 1682 449 1744 vitam
488 1689 599 1762 agunt.
651 1678 731 1758 Quae
757 1679 889 1762 quidem
921 1677 974 1742 lex
1005 1677 1046 1740 de
1069 1676 1238 1740 Molluscis

237 1812 373 1880 quoque
394 1793 512 1855 nostris
533 1788 643 1852 valere
658 1789 797 1872 videtur.
828 1787 951 1862 Eadem
974 1791 1061 1853 enim
1080 1784 1238 1850 Melissea

228 1897 409 1992 fluviatilis,
436 1910 507 1964 tum
529 1898 750 1982 Gasteropoda
766 1908 837 1960 tum
856 1897 1027 1985 Aceplrala,
1058 1899 1146 1964 omni
1163 1896 1237 1958 En-

234 2035 333 2098 ropae,
360 2012 403 2074 ab
422 2008 560 2093 Alpibus
592 2007 700 2074 saltim
734 2008 907 2091 Pyrenaeis,
930 2031 1035 2095 usque
1055 2012 1098 2075 nd
1119 2006 1237 2070 slltima

234 2121 460 2206 septentrionis
487 2115 712 2180 scandinavici
735 2114 819 2200 luga
849 2122 1033 2184 communia
1060 2130 1146 2187 sunt.
1189 2119 1236 2181 At

234 2231 355 2314 species
376 2229 447 2293 alies
462 2223 572 2306 'lacus,
594 2224 665 2289 alias
685 2215 830 2310 flumina,
863 2229 934 2305 alie
966 2239 1126 2294 torrentes
1146 2231 1235 2294 rivos

233 2341 439 2426 potissimum
472 2346 606 2416 amante
638 2333 710 2401 alias
751 2349 828 2404 sunt
855 2340 993 2404 maxime
1023 2333 1235 2426 vulgares&

188 2511 190 2520 .
232 2450 357 2532 ubique
385 2449 576 2514 catervatim
599 2447 712 2529 obvie,
733 2447 803 2512 eliae
824 2451 930 2514 multo
951 2441 1075 2537 ubique
1092 2452 1237 2514 rariores

234 2567 311 2622 eunt
337 2553 375 2621 dc
395 2559 570 2622 individuis
591 2557 685 2622 valde
701 2561 910 2644 paucioribus
931 2567 1146 2628 continentur.

315 2695 428 2781 Ileque
447 2705 557 2774 tamen
576 2696 645 2762 bec
666 2695 780 2782 regule
803 2699 843 2762 de
865 2689 1005 2784 peuerell
1024 2697 1142 2764 borum
1157 2701 1235 2764 sni-

232 2803 368 2878 mulium
390 2827 449 2891 per
471 2818 573 2872 totum
610 2807 779 2893 Europam
799 2809 1038 2891 distributione,
1065 2813 1233 2896 exceptio-

230 2916 330 2981 nibus
350 2918 414 2980 suit
446 2928 546 2982 caret.
588 2919 782 3000 verosimile
803 2923 889 2986 enim
912 2922 1053 2998 videtur,
1078 2943 1230 3005 magnam

231 3025 525 3092 dissimilitudinem
556 3029 655 3094 medii
687 3027 787 3110 illius,
817 3037 852 3096 in
876 3055 943 3119 quo
966 3035 1082 3098 vivunt
1103 3033 1233 3098 Molin-

135 3138 145 3222 s
232 3133 297 3214 sca',
319 3137 486 3203 dissimiles
529 3157 683 3224 generare
719 3135 758 3204 ἀ
780 3142 868 3208 alere
890 3147 1020 3230 species.
1062 3143 1115 3210 sic
1133 3165 1232 3214 mure

230 3244 423 3330 balthicum,
448 3249 549 3334 quod,
582 3249 689 3338 quoad
710 3251 931 3320 celsitudinem
961 3276 1062 3339 aque,
1082 3257 1228 3324 medium

231 3357 325 3440 quasi
346 3370 394 3421 est
410 3360 495 3423 inter
514 3381 604 3425 mare
624 3355 663 3426 dt
681 3362 799 3445 lecum,
814 3371 963 3454 proprias
983 3351 1137 3448 quisdam
1149 3389 1227 3454 spe-

230 3466 294 3528 eies
315 3463 424 3550 babet,
453 3492 524 3556 quse
545 3474 579 3538 in
598 3471 690 3539 nullo
710 3477 777 3543 elio
794 3477 1011 3544 scandinavia
1027 3477 1099 3542 loco
1122 3479 1228 3542 obve-

228 3575 337 3640 niunt.
389 3578 512 3645 Eadem
530 3583 633 3648 ratio
670 3586 871 3654 thermarum
894 3582 931 3652 dt
963 3587 1102 3652 sontium
1121 3587 1229 3658 salsu-

133 3788 137 3806 ,
228 3703 306 3750 sum
330 3699 398 3756 esse
419 3687 549 3761 videtur
565 3717 598 3784 ς,
616 3693 756 3784 (quibus
779 3711 889 3769 temen
917 3699 956 3764 in
976 3699 1084 3787 putria
1112 3710 1226 3766 nostre
1336 3735 1337 3742 κ

271 3825 278 3836 ’
650 3817 653 3826 ’
1146 3807 1225 3895 pla·-
