2678 4572
451 347 463 418 r
545 363 578 405 ιι
660 346 682 442 t

63 513 111 573 tis
135 509 235 572 illius.
250 507 369 570 animal
390 507 534 587 bicorne,
558 507 655 592 hujus
680 507 910 592 quadricorne'
929 511 981 572 sit.
1026 511 1066 572 ln

62 621 247 682 Generibus
285 623 370 681 enim
392 622 614 686 construendis
653 640 717 682 non
738 618 842 680 solum
866 621 986 682 animal
1008 643 1066 684 ve.

61 755 134 794 rum
171 732 269 790 etiam
294 741 375 790 testo
403 731 679 793 consulendaest.
723 731 766 792 At
794 751 870 791 vero
908 737 993 812 inter
1012 744 1065 795 te-

62 856 144 904 stam
167 839 354 904 Vnnrronus
378 835 413 902 ὅτ
439 845 529 904 Pur-n
554 842 643 904 nulls
671 853 736 903 tam
760 841 910 902 distincta
933 837 968 904 ἃ
986 866 1066 906 con-

61 963 149 1036 stans
173 924 355 1013 differentia
377 955 469 1014 nobis
490 975 556 1016 sese
584 955 689 1032 offert,
723 965 758 1014 ut
796 955 828 1012 in
851 952 978 1015 diversa
1000 949 1067 1017 Ge·
1140 960 1142 968 ’

63 1085 149 1128 neres¹
179 1061 270 1121 abire
303 1065 377 1148 jure
412 1066 592 1128 videantur.
641 1067 727 1128 Clar.
767 1066 905 1150 quidem,
929 1067 1065 1132 Miinnen

66 1173 265 1256 Vestiginem
291 1196 308 1236 e
332 1178 446 1248 ceteris
471 1179 534 1236 suis
570 1173 741 1267 generibus
776 1178 948 1260 separavit,
973 1185 1067 1262 prin-

60 1287 147 1368 cipio
178 1306 238 1344 suo
264 1261 442 1366 indulgens,
480 1306 543 1345 non
577 1290 638 1349 nisi
663 1287 795 1353 Animal
830 1289 863 1347 in
885 1288 1066 1354 Generibus

63 1397 301 1458 constituendis
324 1377 398 1456 esse‘
417 1399 663 1479 respiciendum.
687 1401 730 1461 At
752 1400 871 1461 verosi
896 1398 958 1458 sibi
980 1421 1068 1462 sem·

64 1525 122 1588 per
147 1517 381 1568 consentaneus
402 1507 525 1584 fuisset,
549 1505 707 1574 Unronnu'
722 1511 764 1588 nb
786 1510 958 1574 Anonorrs
980 1513 1067 1590 (Mr-

64 1634 162 1675 rrnuu
199 1618 317 1678 eMn
338 1617 473 1700 Muti),
514 1621 635 1702 quippe
657 1643 798 1703 quorum
820 1621 972 1683 animalia
992 1623 1067 1706 pla·

63 1745 102 1784 ne
126 1727 244 1788 similia
275 1737 360 1805 sunt,
398 1728 616 1811 nullo'pscto
653 1741 838 1812 separasset.
888 1731 951 1792 Nos
975 1753 1063 1812 vero,
1116 1751 1120 1758 ‘

66 1834 187 1916 quibus
213 1849 483 1920 persuasumst,
518 1838 640 1899 irullsm
664 1839 877 1900 differentiam
910 1843 1064 1906 essentia·

64 1943 121 2005 lem
144 1947 331 2012 inanimali
364 1951 558 2036 quocunque
589 1949 753 2028 obvenire,
781 1935 863 2031 'quae
884 1953 950 2011 vim
972 1973 1065 2014 suam

64 2053 95 2113 in
122 2065 205 2116 testa
227 2057 395 2124 formanda
416 2084 480 2126 non
501 2070 675 2137 excerceat,
693 2059 763 2142 jure
785 2070 895 2124 nostro
917 2082 1065 2130 assume-

64 2183 98 2226 re
130 2166 223 2228 nobis
246 2171 403 2252 videmur,
446 2167 534 2236 illam
557 2169 769 2230 differentiam
790 2191 861 2252 quse
893 2169 1065 2260 intercedit

66 2277 149 2338 inter
183 2275 346 2345 emmelis
373 2284 550 2369 Vestigim's
576 2275 610 2342 δε
633 2279 735 2369 Pupoe,
782 2275 818 2342 ὅ(
840 2303 911 2363 quas
943 2279 1009 2342 sola
1033 2281 1068 2344 in

64 2388 238 2450 tentncnlis
261 2393 469 2459 inferioribus
495 2405 552 2458 aut
581 2393 777 2455 brevissimis
816 2406 875 2456 sut
912 2385 1066 2456 obsoletis

66 2496 100 2564 ὅτ
120 2507 335 2590 inconspicuis
357 2518 492 2589 constat,
514 2509 645 2568 minime
676 2525 742 2565 esse
782 2505 983 2603 essentialem·
1027 2505 1067 2564 Iu

66 2613 235 2696 speciebus
256 2620 341 2678 enim
379 2622 474 2680 nnius
499 2617 706 2702 ejusdemque
735 2617 878 2696 Generis,
900 2613 1067 2679 tentacula

65 2734 130 2786 non
154 2749 229 2788 roro
247 2728 355 2811 quoad
380 2729 614 2811 longitudinem
632 2727 796 2788 differunt.

117 2871 119 2876 ·
147 2839 219 2902 Non
240 2842 300 2902 nisi
322 2823 435 2919 unum,
451 2835 496 2902 'dc
522 2841 645 2901 Natura
669 2837 799 2919 quidem
820 2854 966 2928 urgente,
991 2841 1062 2906 Au-

65 2967 234 3014 rnrrnrnnn
256 2953 375 3031 Genus,
411 2955 650 3037 proposuimus,
682 2950 716 3010 in
741 2973 819 3034 *1³1⁰
847 2952 1066 3016 construendo

63 3062 155 3123 nobis
179 3064 248 3125 sine
265 3062 366 3126 dubio
380 3039 604 3126 sntevertisset
625 3059 683 3124 celt
704 3063 870 3144 brunnen,
900 3068 926 3128 si
948 3077 1067 3149 typum

63 3166 161 3255 bujus
197 3175 332 3237 Generis
367 3183 442 3236 ante
479 3166 589 3239 oculos
616 3173 791 3252 habuisset.
823 3175 888 3240 Cel.
915 3161 1066 3238 Dnsrsn-

63 3305 147 3347 suun
173 3289 314 3370 speciem
336 3288 478 3369 quidem,
500 3289 555 3352 sed
576 3291 633 3369 ita,
673 3288 849 3370 presertim
869 3287 977 3372 quoad
993 3283 1070 3350 nni⁴¹

60 3395 137 3478 mol,
176 3397 355 3484 descripsit,
376 3408 413 3461 ut
432 3400 709 3485 suspicdri'liccat
740 3401 846 3484 ipsum
864 3398 962 3462 'illud
987 3415 1068 3460 nun·
1127 3443 1130 3452 s

62 3525 163 3585 qnam
188 3508 315 3572 vidisse.
362 3513 426 3576 Nec
445 3521 560 3574 testam
579 3505 735 3598 depinxit,
761 3514 909 3594 quemvis
929 3509 963 3570 in
984 3527 1066 3593 pree·
1162 3515 1164 3522 ’

61 3615 183 3680 semine
219 3624 262 3706 (p.
287 3623 358 3704 ΙΙΙ.)
380 3625 467 3689 dicat
491 3643 523 3685 se
544 3643 664 3708 omnes,
686 3645 767 3711 quas
786 3624 964 3710 descripsit,
989 3637 1068 3705 spe·

65 3732 127 3794 cies
153 3730 340 3798 delineasse.

1015 3827 1198 3907 De„
