2678 4572
442 329 455 408 l
538 345 571 388 ¹¹
656 323 679 404 i'

48 501 143 586 plane
168 499 348 576 caremus).
392 493 456 557 Sed
481 492 529 554 he
569 490 779 573 exceptiones,
801 509 872 576 que
894 494 961 556 sine
985 493 1049 555 du.

50 613 103 673 bio
126 629 241 693 pauca
262 617 337 670 sunt
365 599 401 667 dt
425 601 497 665 coeli
530 599 680 663 varietati
715 602 846 662 minime
880 601 1050 681 debentur,

48 723 151 804 legem
177 722 230 779 vix
260 716 390 778 tollunt.
549 798 551 807 Ι

131 831 290 910 Malluscr
326 845 454 910 quoqne
495 813 662 886 terrestria
684 821 824 904 Europae
846 820 1050 884 meridionali

50 921 233 1002 &boreali
257 939 357 1016 magis
379 935 560 995 communia
582 941 667 1008 sunt,
694 953 793 1014 quam
822 931 955 992 sortasse
983 949 1049 1014 pu·
1109 917 1111 922 ¹

50 1064 147 1116 teres.
177 1051 259 1128 Quis
284 1050 368 1107 enim
398 1053 596 1130 exspectaret
632 1062 665 1102 se
685 1043 717 1102 in
739 1040 910 1104 Hellandia
933 1023 1058 1124 repre-⁴

50 1175 163 1226 turum
194 1133 260 1220 esse
311 1154 490 1221 Claustlt'am
519 1151 717 1234 pupillarem,
758 1163 862 1229 antea,
889 1161 1049 1234 quantum

52 1275 181 1349 scimus,
204 1291 268 1330 non
294 1271 353 1330 nisi
374 1263 408 1327 in
447 1263 541 1325 ltalia
575 1257 611 1322 ὅτ
633 1260 740 1322 Gallia
774 1239 958 1340 inventam3
992 1271 1052 1323 aut

51 1385 81 1443 in
101 1381 221 1442 Scania
242 1376 378 1442 Helictm
401 1391 590 1462 pygmaeam,
617 1372 753 1436 antehac
774 1383 900 1434 tantum
919 1372 960 1434 ad
980 1372 1050 1458 Ly.

53 1513 149 1552 onam
172 1489 287 1552 Galliae
309 1482 534 1584 observatam!
578 1486 645 1546 Aut
673 1488 745 1567 quis
766 1487 916 1570 opinatus
936 1481 1051 1546 fuisset

55 1601 193 1666 Hetteem
208 1598 346 1685 fulvam,
365 1596 579 1674 rotundatum,
604 1590 789 1682 pulchellum
811 1589 875 1660 &n
893 1593 1051 1659 Buttmann
1134 1601 1136 1604 ’

52 1711 226 1776 lubricum:
261 1707 372 1792 plures
397 1704 550 1772 Clausilt'oe
572 1699 608 1767 dt
631 1707 725 1794 Pupoe
745 1708 876 1789 species,
901 1705 935 1765 in
954 1704 1050 1790 alpe·

53 1822 175 1882 stribus
206 1817 406 1882 Jemtlandiae
428 1819 591 1900 ceterique
612 1795 858 1912 septentrionis,
902 1835 968 1878 non
986 1817 1052 1880 mi.

53 1951 111 1992 nus
135 1951 235 2012 quam
257 1931 291 1990 in
313 1931 432 2012 eampis
468 1921 506 1989 dc
528 1913 626 2012 sylvis
650 1915 955 1990 Galliae'habitare!

134 2039 215 2116 Quae
238 2060 334 2117 vero,
363 2039 507 2124 quamvis
539 2040 586 2100 ita
610 2040 684 2116 sint,
731 2039 921 2100 observator
941 2047 1051 2103 tamen

57 2151 193 2232 diligens
212 2154 364 2236 majorem
383 2151 630 2232 discrepantiam
668 2149 753 2212 inter
775 2141 932 2216 Mallusca
951 2157 1064 2216 terro.

54 2263 135 2324 stria
157 2282 257 2344 quam
270 2259 452 2348 fluviatilt‘a,
483 2261 517 2320 in
538 2259 731 2322 distantibus
746 2259 887 2345 Europa
909 2260 1052 2344 regioni-
1081 2296 1083 2306 ,

53 2372 124 2451 bus,
163 2371 259 2434 facile
293 2374 443 2457 reperiet.
483 2371 599 2453 Neque
623 2367 686 2432 hoe
709 2369 829 2431 mirum
852 2379 912 2434 aut
932 2392 953 2433 a
974 2391 1051 2433 sen·

53 2483 153 2542 tentia
177 2481 443 2566 physiologorum
465 2491 643 2565 antecepta,
659 2489 711 2540 'ut
732 2479 944 2557 arbitramur,
965 2481 1051 2544 alie·

51 2609 138 2652 num.
159 2591 288 2656 Etenim
313 2614 438 2657 necesse
464 2594 539 2667 suit,
555 2600 592 2653 ut
611 2589 766 2656 Melissea
785 2595 963 2682 terrestria,
977 2614 1051 2678 quae

54 2703 87 2763 in
108 2701 230 2782 herbis,
252 2705 426 2772 arboribus
449 2704 586 2787 aliisque
611 2701 710 2764 rebus
735 2701 927 2769 editioribus
946 2707 1050 2768 vitam

53 2813 167 2896 sepius
204 2825 313 2896 agunt,
331 2836 392 2914 'er
422 2813 493 2878 eoeli
536 2814 692 2876 varietate
722 2797 821 2896 ma'gis
856 2799 1045 2902 penderent,

53 2943 150 3003 qnam
168 2923 348 3010 fluviatilr'a,
383 2947 454 3010 quaa
475 2913 508 2986 in
530 2947 613 3009 aqua
637 2925 789 2986 continue
809 2925 939 3009 degunt.
983 2927 1050 2990 Mt-

51 3053 122 3094 rum
147 3055 225 3098 sane
245 3039 299 3101 sed
323 3058 437 3101 verum
460 3049 518 3114 est,
534 3038 669 3120 majores
682 3036 801 3119 species
823 3038 962 3118 cujusvis
982 3036 1071 3098 Ge-'

51 3147 136 3210 neris
169 3149 261 3230 prius
285 3147 416 3210 boream
439 3163 550 3210 versus
570 3147 726 3226 desinere,
763 3168 861 3231 quam
897 3149 1047 3210 min'ores.

50 3255 103 3317 Sic
131 3255 233 3321 Helix
254 3257 395 3322 Pometia
420 3257 538 3320 nullibi
559 3257 647 3340 apud
669 3249 727 3321 nos
751 3260 923 3344 reperitur,
939 3256 1000 3319 nisi
1014 3259 1049 3319 in

49 3365 115 3430 illis
140 3365 256 3447 bortis,
282 3367 339 3430 ubi
361 3367 527 3430 hominum
549 3390 611 3452 ope
635 3378 807 3453 apportata
840 3366 959 3446 fuerit3
995 3377 1049 3440 atv

50 3497 113 3558 que
137 3487 213 3561 post
232 3490 299 3540 tam
317 3476 436 3540 multas
461 3475 499 3543 dc
536 3477 663 3542 sedulas
685 3475 954 3560 investigationes,
975 3478 1048 3562 jure

49 3597 165 3651 nostro
184 3588 375 3688 contendere
396 3589 557 3670 videmur,
579 3602 700 3654 ceteras
719 3587 918 3653 terrestrium
944 3591 1049 3672 majo-

47 3717 99 3762 res
140 3703 274 3788 species,
308 3720 358 3764 ex.
396 3720 444 3798 gr,
480 3701 637 3800 Balineum
655 3699 847 3784 decollatum,
879 3698 1050 3772 radiatam,

972 3824 1048 3874 acts-
